<?xml version="1.0" encoding="UTF-8"?><collection xmlns="http://www.loc.gov/MARC21/slim"><record><leader>00397nam--2200133-i-4500</leader><controlfield tag="001">000042403</controlfield><controlfield tag="002">20161230</controlfield><controlfield tag="005">20161230201043</controlfield><controlfield tag="008">060222s1000------------r-----000-0-eng-d</controlfield><datafield ind1=" " ind2=" " tag="080"><subfield code="a">338.982:5</subfield></datafield><datafield ind1=" " ind2=" " tag="100"><subfield code="a">Spaey,Jacques</subfield></datafield><datafield ind1=" " ind2=" " tag="245"><subfield code="a">Le developpment par la science. essai sur l`apparition et l`organisation de la politique scientifique de etats</subfield></datafield><datafield ind1=" " ind2=" " tag="260"><subfield code="a">Paris, Unesco, 1969. 204 P</subfield></datafield><datafield ind1=" " ind2=" " tag="852"><subfield code="a">34322</subfield></datafield></record></collection>